<record><leader>00000cas a2200000 a 4500</leader><controlfield tag="001">45826156</controlfield><controlfield tag="008">010131d20002003azuwr ne      0   a0eng d</controlfield><datafield ind1=" " ind2=" " tag="010"><subfield code="a">sn2001060002</subfield></datafield><datafield ind1=" " ind2=" " tag="040"><subfield code="a">ANN</subfield><subfield code="b">eng</subfield><subfield code="c">ANN</subfield><subfield code="d">OCLCQ</subfield><subfield code="d">OCLCF</subfield><subfield code="d">OCLCO</subfield></datafield><datafield ind1="1" ind2=" " tag="029"><subfield code="a">AU@</subfield><subfield code="b">000022243591</subfield></datafield><datafield ind1=" " ind2=" " tag="042"><subfield code="a">msc</subfield></datafield><datafield ind1=" " ind2=" " tag="043"><subfield code="a">n-us-az</subfield></datafield><datafield ind1="0" ind2="0" tag="245"><subfield code="a">Big Bug news.</subfield></datafield><datafield ind1=" " ind2=" " tag="260"><subfield code="a">Prescott Valley, Ariz. :</subfield><subfield code="b">K. Atwell</subfield></datafield><datafield ind1=" " ind2=" " tag="300"><subfield code="a">v. :</subfield><subfield code="b">ill.</subfield></datafield><datafield ind1=" " ind2=" " tag="310"><subfield code="a">Weekly</subfield></datafield><datafield ind1="1" ind2=" " tag="362"><subfield code="a">Began Mar. 15, 2000.</subfield></datafield><datafield ind1="0" ind2=" " tag="362"><subfield code="a">-v. 3, no. 40 (Oct. 1, 2003).</subfield></datafield><datafield ind1=" " ind2=" " tag="500"><subfield code="a">"News from Poland Junction, Humboldt, Spring Valley, Mayer &amp; Cordes Lakes."</subfield></datafield><datafield ind1=" " ind2=" " tag="580"><subfield code="a">Merged with: Canyon country news, to form: Big Bug canyon country news.</subfield></datafield><datafield ind1=" " ind2=" " tag="588"><subfield code="a">Description based on: Vol. 1, no. 2 (Mar. 22, 2000).</subfield></datafield><datafield ind1=" " ind2="0" tag="651"><subfield code="a">Big Bug Creek (Ariz.)</subfield><subfield code="v">Newspapers.</subfield></datafield><datafield ind1=" " ind2="0" tag="651"><subfield code="a">Prescott Valley (Ariz.)</subfield><subfield code="v">Newspapers.</subfield></datafield><datafield ind1=" " ind2="0" tag="651"><subfield code="a">Prescott (Ariz.)</subfield><subfield code="v">Newspapers.</subfield></datafield><datafield ind1=" " ind2="0" tag="651"><subfield code="a">Yavapai County (Ariz.)</subfield><subfield code="v">Newspapers.</subfield></datafield><datafield ind1=" " ind2="7" tag="655"><subfield code="a">Newspapers.</subfield><subfield code="2">fast</subfield><subfield code="0">(OCoLC)fst01423814</subfield></datafield><datafield ind1=" " ind2="7" tag="651"><subfield code="a">Arizona</subfield><subfield code="z">Big Bug Creek.</subfield><subfield code="2">fast</subfield><subfield code="0">(OCoLC)fst01287710</subfield></datafield><datafield ind1=" " ind2="7" tag="651"><subfield code="a">Arizona</subfield><subfield code="z">Prescott.</subfield><subfield code="2">fast</subfield><subfield code="0">(OCoLC)fst01210000</subfield></datafield><datafield ind1=" " ind2="7" tag="651"><subfield code="a">Arizona</subfield><subfield code="z">Prescott Valley.</subfield><subfield code="2">fast</subfield><subfield code="0">(OCoLC)fst01255048</subfield></datafield><datafield ind1=" " ind2="7" tag="651"><subfield code="a">Arizona</subfield><subfield code="z">Yavapai County.</subfield><subfield code="2">fast</subfield><subfield code="0">(OCoLC)fst01217120</subfield></datafield><datafield ind1=" " ind2=" " tag="752"><subfield code="a">United States</subfield><subfield code="b">Arizona</subfield><subfield code="c">Yavapai</subfield><subfield code="d">Prescott Valley.</subfield></datafield><datafield ind1="1" ind2="7" tag="785"><subfield code="t">Canyon country news</subfield><subfield code="w">(DLC)sn 99068162</subfield></datafield><datafield ind1="1" ind2="7" tag="785"><subfield code="t">Big Bug canyon country news</subfield></datafield></record>